@booklet{
    manual,
    author={Sue Stathopulos},
    title={CHEM 123L Laboratory Manual},
    year={2020},
    type=manual,
    location={Waterloo, ON},
    chapter={2}
}
